<?xml version="1.0" encoding="UTF-8"?><collection xmlns="http://www.loc.gov/MARC21/slim"><record><leader>00583nam--2200193-u-4500</leader><controlfield tag="001">000053174</controlfield><controlfield tag="002">20161230</controlfield><controlfield tag="005">20170107002058</controlfield><controlfield tag="008">110111s1000------------r-----000-0-rum-d</controlfield><datafield ind1=" " ind2=" " tag="040"><subfield code="a">IFIN-HH</subfield></datafield><datafield ind1=" " ind2=" " tag="041"><subfield code="a">rum</subfield></datafield><datafield ind1=" " ind2=" " tag="080"><subfield code="a">539.172(073)</subfield></datafield><datafield ind1="1" ind2=" " tag="100"><subfield code="a">Harangoz©đ, ©rp©Łd</subfield></datafield><datafield ind1="1" ind2=" " tag="245"><subfield code="a">Contributii la descrierea cuantica a emisiei la preechilibru in reactiile nucleare la energii joase</subfield><subfield code="b">Teza</subfield><subfield code="c">©rp©Łd Harangoz©đ</subfield></datafield><datafield ind1=" " ind2=" " tag="260"><subfield code="a">Bucuresti</subfield><subfield code="b">Ifa</subfield><subfield code="c">1997</subfield></datafield><datafield ind1=" " ind2=" " tag="300"><subfield code="a">110 p</subfield></datafield><datafield ind1=" " ind2=" " tag="502"><subfield code="a">Conducator Sttintific: Dr. Marin Ivascu</subfield></datafield><datafield ind1=" " ind2=" " tag="852"><subfield code="a">80833</subfield><subfield code="c">539.17</subfield></datafield><datafield ind1=" " ind2=" " tag="CAT"><subfield code="a">SYS</subfield><subfield code="c">20170107</subfield><subfield code="h">002058</subfield></datafield></record></collection>